
@misc{imd18-,
	title = {IMD18 {\textendash} Health Geography and Deprivation},
	url = {https://hgd.auckland.ac.nz/imd18/}
}

@misc{danieljohnexeter2018,
	title = {2018 Index of Multiple Deprivation},
	author = {Daniel John Exeter,  and Arier Chi Lun Lee,  and Jinfeng Zhao,  and Sue Crengle,  and Annie Chiang,  and Michael Browne, },
	year = {2018},
	date = {2018},
	url = {https://hgd.auckland.ac.nz/imd18/}
}

@misc{exeter2018,
	title = {2018 Index of Multiple Deprivation},
	author = {Exeter, Daniel John and Lee, Arier Chi Lun and Zhao, Jinfeng and Crengle, Sue and Chiang, Annie and Browne, Michael},
	year = {2018},
	date = {2018},
	url = {https://hgd.auckland.ac.nz/imd18/}
}

@misc{statsnz2020,
	title = {2018 Census place summaries},
	author = {Stats NZ, },
	year = {2020},
	month = {11},
	date = {2020-11-13},
	url = {https://www.stats.govt.nz/tools/2018-census-place-summaries/}
}
